@manual{sample,
  author = {TU Dortmund},
  title = {Versuchsanleitung des Versuchs US-2, Scanverfahren in der Ultraschalltechnik},
  year = 2018
}
