@manual{sample,
  author = {TU Dortmund},
  title = {Versuchsanleitung des Versuchs V704 - Absorbtion von Gamma- und Betastrahlung},
  year = 2018
}

@Misc{sample1,
title = {Maschinenbau-Wissen.de},
note = {Eingesehen am 20.05.2018},
url = {http://www.maschinenbau-wissen.de/skript3/werkstofftechnik/aluminium/376-dichte-alu},
}
