@manual{sample,
  author = {TU Dortmund},
  title = {Versuchsanleitung des Versuchs V103, Biegung elastischer St√§be},
  year = 2017
}

@Misc{sample2,
title = {Chemie.de},
note = {Eingesehen am 23.11.2017},
url = {http://www.chemie.de/lexikon/Messing.html},
}

@Misc{sample3,
title = {Wikipedia},
note = {Eingesehen am 23.11.2017},
url = {https://de.wikipedia.org/wiki/Aluminium},
}

@Misc{sample4,
title = {Chemie.de},
note = {Eingesehen am 23.11.2017},
url = {http://www.chemie.de/lexikon/Aluminium.html},
}
