@manual{sample,
  author = {TU Dortmund},
  title = {Versuchsanleitung zum Versuch V354, Ged√§mpfte und erzwungene Schwingungen},
  year = 2017
}

@manual{sample2,
  author = {TU Dortmund},
  title = {Versuchsanleitung zum Versuch V353, Relaxationsverhalten eines RC-Kreises},
  year = 2017
}
