@manual{sample,
  author = {TU Dortmund},
  title = {Versuchsanleitung des Versuchs V703 - Das Geiger-Müller-Zählrohr. 2018.},
  year = 2014
}
