@manual{sample,
  author = {TU Dortmund},
  title = {Versuchsanleitungen der Versuche 501/2, Ablenkung eines Elektronenstrahls im elektrischen und magnetischen Feld},
  year = 2017
}

@book{sample1,
  author = {Wolfgang Nolting},
  title = {Grundkurs Theoretische Physik 5/1, Quantenmechanik - Gundlagen},
  pages = {29}
   }
