@manual{sample,
  author = {TU Dortmund},
  title = {Versuchsanleitung des Versuchs V406 Beugung am Spalt},
  year = 2014
}
