@manual{sample,
  author = {TU Dortmund},
  title = {Versuchsanleitung des Versuchs V303-Lock-In-VerstÃ¤rker},
  year = 2017
}
