@manual{sample,
  author = {TU Dortmund},
  title = {Versuchsanleitung des Versuches V606, Messung der Suszeptibilit√§t paramagnetischer Substanzen},
  year = 2014
}
