@manual{sample,
  author = {TU Dortmund},
  title = {Versuchsanleitung des Versuchs V351, Fourier-Analyse und Synthese},
  year = 2017
}
