@manual{sample,
  author = {TU Dortmund},
  title = {Versuchsanleitung des Versuchs V701, Reichweite von alpha-Strahlung},
  year = 2014
}
