@manual{sample,
  author = {TU Dortmund},
  title = {Versuchsanleitung des Versuchs V602, Rontgenemission und -absorption},
  year = 2018
}
