@manual{sample,
  author = {TU Dortmund},
  title = {Versuchsanleitung des Versuchs V408, Geometrische Optik},
  year = 2014
}
