@manual{sample,
  author = {TU Dortmund},
  title = {Versuchsanleitung des Versuches US-3-Doppler-Sonographie},
  year = 2014
}
