@manual{sample,
  author = {TU Dortmund},
  title = {Versuchanleitung des Versuchs V500, Photoeffekt},
  year = 2018
}
