@manual{sample,
  author = {TU Dortmund},
  title = {Versuchsanleitung des Versuchs V402 Dispersionsmessung am Glasprisma},
  year = 2018
}
@onine{sample2,
author = {A.~Kramida and {Yu.~Ralchenko} and J.~Reader and {and NIST ASD Team}},
title = {NIST Atomic Spectra Database Lines Data},
year = 2018,
url = {https://physics.nist.gov/asd}
}
