@manual{sample,
  author = {TU Dortmund},
  title = {Versuchsanleitung des Versuchs V353, Relaxationsverhalten eines RC-Kreises},
  year = 2017
}
