@manual{sample,
  author = {TU Dortmund},
  title = {Versuchsanleitung des Versuchs V302-Br√ºckenschaltungen},
  year = 2017
}
