@manual{sample,
  author = {TU Dortmund},
  title = {Versuchsanleitung der WÃ¤rmepumpe},
  year = 2017
}
