@manual{sample,
  author = {TU Dortmund},
  title = {Versuchsanleitung des Versuchs V301-Leerlaufspannung und Innenwiderstand von Spannungsquellen},
  year = 2017
}
